@book{womak:lean-thinking,
    author  = {James P. Womack, Daniel T. Jones},
    title   = {Lean Thinking, Second Editon},
    publisher = {Simon \& Schuster, Inc.},
    year    = {2010}
}

@book{womak:serendipity-recommender-systems,
    author  = {Reza J. Ziarani, Reza Ravanmehr},
    title   = {Serendipity in Recommender Systems: A Systematic Literature Review},
    publisher = {Journal of Computer Science and Technology, Islamic Azad University, Teheran, Iran},
    year    = {2021}
}







@online{site:agile-manifesto,
    title   = {Manifesto Agile},
    url     = {http://agilemanifesto.org/iso/it/}
}
